@article{bayes1763chances,
	ISSN = {02607085},
	URL = {http://www.jstor.org/stable/105741},
	author = {Thomas Bayes and Richard Price},
	journal = {Philosophical Transactions (1683-1775)},
	pages = {370--418},
	publisher = {The Royal Society},
	title = {An Essay towards Solving a Problem in the Doctrine of Chances},
	urldate = {2023-11-08},
	volume = {53},
	year = {1763}
}

@article{wilks1938large,
	title={The large-sample distribution of the likelihood ratio for testing composite hypotheses},
	author={Wilks, Samuel S},
	journal={The annals of mathematical statistics},
	volume={9},
	number={1},
	pages={60--62},
	year={1938},
	publisher={JSTOR}
}

% answer: why Shapiro-Wilk normality test was used?
@article{razali2011power,
	title={Power comparisons of shapiro-wilk, kolmogorov-smirnov, lilliefors and anderson-darling tests},
	author={Razali, Nornadiah Mohd and Wah, Yap Bee and others},
	journal={Journal of statistical modeling and analytics},
	volume={2},
	number={1},
	pages={21--33},
	year={2011}
}